<record><leader>00000cas a22000007a 4500</leader><controlfield tag="001">17998455</controlfield><controlfield tag="008">880525d19271938iauwr ne      0    0eng d</controlfield><datafield ind1=" " ind2=" " tag="010"><subfield code="a">sn 88059581 </subfield></datafield><datafield ind1=" " ind2=" " tag="040"><subfield code="a">INP</subfield><subfield code="b">eng</subfield><subfield code="c">INP</subfield><subfield code="d">OCLCQ</subfield></datafield><datafield ind1=" " ind2=" " tag="042"><subfield code="a">msc</subfield></datafield><datafield ind1="0" ind2="4" tag="245"><subfield code="a">The Pella press.</subfield></datafield><datafield ind1=" " ind2=" " tag="260"><subfield code="a">Pella, Iowa :</subfield><subfield code="b">[G.A. Stout],</subfield><subfield code="c">1927-1938.</subfield></datafield><datafield ind1=" " ind2=" " tag="300"><subfield code="a">13 v.</subfield></datafield><datafield ind1=" " ind2=" " tag="310"><subfield code="a">Weekly</subfield></datafield><datafield ind1="0" ind2=" " tag="362"><subfield code="a">Vol. 21, no. 9 (Jan. 5, 1927)-v. 33, no. 4 [(Nov. 2, 1938)].</subfield></datafield><datafield ind1=" " ind2=" " tag="515"><subfield code="a">Issue for Nov. 2, 1938 misdated Oct. 26, 1938.</subfield></datafield><datafield ind1=" " ind2=" " tag="752"><subfield code="a">United States</subfield><subfield code="b">Iowa</subfield><subfield code="c">Marion</subfield><subfield code="d">Pella.</subfield></datafield><datafield ind1="0" ind2="0" tag="780"><subfield code="t">Booster press</subfield><subfield code="w">(DLC)sn 88059580</subfield></datafield><datafield ind1="0" ind2="0" tag="785"><subfield code="t">Pella press and shopper</subfield><subfield code="w">(DLC)sn 88059582</subfield></datafield></record>